@book{condit1998tropical,
  title={Tropical forest census plots: methods and results from Barro Colorado Island, Panama and a comparison with other plots},
  author={Condit, Richard},
  year={1998},
  publisher={Springer Science \& Business Media}
}

@article{molina2009t,
  title={T. 8--Estad{\'\i}sticos de asociaci{\'o}n entre variables},
  author={Molina, Gabriel and Rodrigo, Mar{\'\i}a F},
  year={2009}
}

@article{hubbell1999light,
  title={Light-gap disturbances, recruitment limitation, and tree diversity in a neotropical forest},
  author={Hubbell, Stephen P and Foster, Robin B and O'Brien, Sean T and Harms, Kyle E and Condit, Richard and Wechsler, Beat and Wright, S Joseph and De Lao, S Loo},
  journal={Science},
  volume={283},
  number={5401},
  pages={554--557},
  year={1999},
  publisher={American Association for the Advancement of Science}
}

@article{vester2002modelos,
  title={Modelos arquitect{\'o}nicos en la flora arb{\'o}rea de la Pen{\'\i}nsula de Yucat{\'a}n},
  author={Vester, Henricus Franciscus Maria},
  journal={Bolet{\'\i}n de la Sociedad Bot{\'a}nica de M{\'e}xico},
  number={71},
  pages={45--57},
  year={2002},
  publisher={Sociedad Bot{\'a}nica de M{\'e}xico}
}

@article{condit1999dynamics,
  title={Dynamics of the forest communities at Pasoh and Barro Colorado: comparing two 50--ha plots},
  author={Condit, Richard and Ashton, Peter S and Manokaran, N and LaFrankie, James V and Hubbell, Stephen P and Foster, Robin B},
  journal={Philosophical Transactions of the Royal Society of London. Series B: Biological Sciences},
  volume={354},
  number={1391},
  pages={1739--1748},
  year={1999},
  publisher={The Royal Society}
}

@article{meyer2013detecting,
  title={Detecting tropical forest biomass dynamics from repeated airborne lidar measurements},
  author={Meyer, V and Saatchi, SS and Chave, J and Dalling, JW and Bohlman, S and Fricker, GA and Robinson, C and Neumann, M and Hubbell, S},
  journal={Biogeosciences},
  volume={10},
  number={8},
  pages={5421},
  year={2013},
  publisher={Copernicus GmbH}
}

@article{condit1995mortality,
  title={Mortality rates of 205 neotropical tree and shrub species and the impact of a severe drought},
  author={Condit, Richard and Hubbell, Stephen P and Foster, Robin B},
  journal={Ecological monographs},
  volume={65},
  number={4},
  pages={419--439},
  year={1995},
  publisher={Wiley Online Library}
}